% Encoding: UTF-8

@TechReport{bragaAR2019,
  author      = {Anísio Rogério Braga},
  title       = {Notas de Aula de Instrumentação Eletrônica Aplicada},
  institution = {Colégio Técnico da UFMG},
  year        = {2010},
  type        = {Relatório Interno},
  number      = {NAIEA2010-21},
  month       = mar,
}

@TechReport{bragaAR2021,
	author      = {Anísio Rogério Braga},
	title       = {Recomendações para Elaborar Relatório Técnico ou Monografia},
	institution = {Colégio Técnico da UFMG},
	year        = {2021},
	type        = {Gabarito de Relatório Técnico},
	number  = {NT2018-21},
	month    = mar,
}

@Book{Horowitz:1981307,
  title     = {{The art of electronics; 3rd ed.}},
  publisher = {Cambridge University Press},
  year      = {2015},
  author    = {Horowitz, Paul and Hill, Winfield},
  address   = {Cambridge},
  url       = {https://cds.cern.ch/record/1981307},
}

@Article{,
}

@TechReport{ina114,
  author      = {Burr-Brown corporation},
  title       = {INA114 Precision instrumentation amplifier},
  institution = {Burr-Brown corporation},
  year        = {1992},
  type        = {Application note},
  number      = {SBOS014},
  url         = { http://www.burr-brown.com/ },
}


@Manual{multisim2010,
	title        = {NI Multisim for education},
	author       = {National Instruments},
	organization = {National Instruments, Electronics Workbench Group},
	month        = aug,
	year         = {2010},
	note         = {374484F-01},
	url          = {www.ni.com},
}

@Electronic{Matlab,
	author       = {Mathworks},
	year         = {2019},
	language     = {english},
	howpublished = {https://www.mathworks.com},
	organization = {The MathWorks, Inc.},
	address      = {Natick, Apple Hill Campus 1 Apple Hill Drive Natick, MA 01760-2098 Phone: 508-647-7000 Fax: 508-647-7001},
	url          = {https://www.mathworks.com},
}

@Article{,
	author = {Analog Devides, Inc.},
	title  = {AD630, Balanced Modulator/Demodulator},
}

@Manual{AD630,
	title        = {AD630, Balanced Modulator/Demodulator},
	author       = {Analog Devices, Inc.},
	organization = {Analog Devices, Inc.},
	address      = {One Technology Way, P.O. Box 9106, Norwood, MA 02062-9106, U.S.A},
	year         = {2004},
}

@Manual{LM324,
	title        = {LM324, Quad-Operacional Amplifiers},
	author       = {Texas Instruments Incorporated},
	organization = {Texas Instruments Incorporated},
	address      = {Texas Instruments, Post Office Box 655303, Dallas, Texas 75265},
	year         = {2015},
}

@Manual{pgftikz,
	title  = {The Tikz and PGF Package},
	author = {Till Tantau},
	month  = aug,
	year   = {2019},
}

@Manual{circuitikz,
	title  = {CircuiTikz},
	author = {Massimo A. Redaelli and Stefan Lindner and Stefan Erhardt and Romano Giannetti},
	month  = dec,
	year   = {2019},
}

@Book{LatexCookbook,
	title     = {Latex Cookbook},
	publisher = {PACKT Publishing},
	year      = {2015},
	author    = {Stefan Kottwitz},
}

@Software{JabRef2021,
	author  = {{JabRef Development Team}},
	title   = {JabRef --- An open-source, cross-platform citation and reference management software},
	url     = {https://www.jabref.org/},
	version = {5.1},
	year    = {2021},
}

@Article{Signorelli2001,
	author  = {V. I. Signorelli and V. Grellet and R. Scarpa},
	journal = {Revista Nova Escola},
	title   = {Porque trabalhar com projetos},
	year    = {2001},
	month   = {outubro},
	volume  = {146},
}