% This file was created with JabRef 2.10.
% Encoding: ISO8859_1


@Book{Astrom:1970,
  Title                    = {Introduction to Stochastic Control Theory},
  Author                   = {Astrom, K. J.},
  Publisher                = {Academic Press},
  Year                     = {1970},

  Address                  = {New York}
}

@Book{Astrom:1995,
  Title                    = {{PID} Controllers: Theory, Design and Tuning},
  Author                   = {Astrom, K. J. and Hagglund, T.},
  Publisher                = {Instrument Society of America},
  Year                     = {1995},
  Edition                  = {2nd}
}

@Book{Astrom:1990,
  Title                    = {Computer-Controlled Systems: Theory and Design},
  Author                   = {Astrom, Karl J. and Wittenmark, Bjorn},
  Publisher                = {Prentice-Hall},
  Year                     = {1990},
  Edition                  = {2nd}
}

@Book{Astrom:1997,
  Title                    = {Computer-Controlled Systems : Theory and Design},
  Author                   = {Astrom, Karl J.and Wittenmark, B.},
  Publisher                = {Prentice-Hall},
  Year                     = {1997},
  Edition                  = {3rd},
  Series                   = {Prentice Hall Information and System Sciences Series)}
}

@Book{Basseville:1993,
  Title                    = {Detection of Abrupt Changes: Theory and Applications},
  Author                   = {Basseville, M. and Nikiforov, I. V.},
  Publisher                = {Prentice-Hall},
  Year                     = {1993},

  Address                  = {Englewood Cliffs, N.J.},
  Series                   = {Information and System Series}
}

@Book{Baumann:1998,
  Title                    = {Control Valve Primer : A User's Guide},
  Author                   = {Baumann, Hans D.},
  Publisher                = {Instrument Society of America},
  Year                     = {1998},
  Edition                  = {3rd}
}

@Book{Blake:1998,
  Title                    = {Active Contours: The Application of Techniques from Graphics,
 Vision, Control Theory and Statistics to Visual Tracking of Shapes
 in Motion},
  Author                   = {Blake, Andrew and Isard, Michael},
  Publisher                = {Springer-Verlag},
  Year                     = {1998}
}

@Book{Buckley:1964,
  Title                    = {Techniques of Process Control},
  Author                   = {Buckley, P. S.},
  Publisher                = {John Wiley},
  Year                     = {1964}
}

@Book{Candy:1988,
  Title                    = {Signal Processing: The Modern Approach},
  Author                   = {Candy, James V.},
  Publisher                = {McGraw-Hill},
  Year                     = {1988}
}

@Book{Coleman:1999,
  Title                    = {Experimentation and Uncertainty Analysis for Engineers},
  Author                   = {Coleman, Hugh W. and Steele, W. Glenn},
  Publisher                = {Wiley},
  Year                     = {1999},
  Edition                  = {2nd}
}

@Book{Considine:1993,
  Title                    = {Process/industrial instruments and controls handbook},
  Author                   = {Considine, D. M.},
  Editor                   = {Considine, D. M.},
  Publisher                = {McGraw-Hill},
  Year                     = {1993}
}

@Book{deBoor:1978,
  Title                    = {A Practical Guide to Splines},
  Author                   = {{de Boor},Carl},
  Publisher                = {Springer-Verlag},
  Year                     = {1978}
}

@Book{Draper:1998,
  Title                    = {Applied Regression Analysis},
  Author                   = {Draper, N. R.},
  Publisher                = {John Wiley and Sons},
  Year                     = {1998},
  Edition                  = {3rd},
  Series                   = {Wiley Series in Probability and Statistics}
}

@Book{Eykhoff:1974,
  Title                    = {System Identification: Parameter and State Estimation},
  Author                   = {Eykhoff, P.},
  Publisher                = {John Wiley and Sons},
  Year                     = {1974}
}

@TechReport{Fitzgerald:1993,
  Title                    = {Diagnostic Apparatus and Method for Fluid Control Valves},
  Author                   = {Fitzgerald, W. V.},
  Institution              = {United States Patent},
  Year                     = {1993},
  Month                    = {March},
  Number                   = {5,197,328}
}

@Book{Garthwaite:1995,
  Title                    = {Statistical Inference},
  Author                   = {Garthwaite, Paul H. and Jolliffe, Ian T. and Jones, Byron},
  Publisher                = {Prentice Hall},
  Year                     = {1995}
}

@Book{Gertler:1998,
  Title                    = {Fault detection and diagnosis in engineering systems},
  Author                   = {Gertler, Janos},
  Publisher                = {Marcel Dekker},
  Year                     = {1998}
}

@Book{Goodman:1997,
  Title                    = {A Primer on Pneumatic Valves and Controls},
  Author                   = {Goodman, Robert B.},
  Publisher                = {Krieger Publishing Company},
  Year                     = {1997}
}

@Book{Gustafsson:2000,
  Title                    = {Adaptive Filtering and Change Detection},
  Author                   = {Gustafsson, Fredrick},
  Publisher                = {Wiley},
  Year                     = {2000}
}

@Book{Hart:1997,
  Title                    = {Nonparametric Smoothing and Lack-of-Fit Tests},
  Author                   = {Hart, J. D.},
  Publisher                = {Springer-Verlag},
  Year                     = {1997},
  Series                   = {Springer Series in Statistics}
}

@Book{Hertz:1991,
  Title                    = {Introduction to Artificial Neural Networks},
  Author                   = {Hertz, J. and Krogh, A. and Palmer, R. G.},
  Publisher                = {Addison Wesley},
  Year                     = {1991}
}

@Book{Horowitz:1989,
  Title                    = {The Art of Electronics},
  Author                   = {Horowitz, Paul and Hill, Winfield},
  Publisher                = {Cambridge University Press},
  Year                     = {1989}
}

@book{Horowitz:1981307,
	author        = "Horowitz, Paul and Hill, Winfield",
	title         = "{The art of electronics; 3rd ed.}",
	publisher     = "Cambridge University Press",
	address       = "Cambridge",
	year          = "2015",
	url           = "https://cds.cern.ch/record/1981307",
}

@Book{Isidori:1989,
  Title                    = {Nonlinear Control Systems: An Introduction},
  Author                   = {Isidori, Alberto},
  Publisher                = {Spring Verlag},
  Year                     = {1989},
  Edition                  = {2nd}
}

@Book{Jacobs:1993,
  Title                    = {Introduction to Control Theory},
  Author                   = {Jacobs, O. L. R.},
  Publisher                = {Oxford University Press},
  Year                     = {1993},
  Edition                  = {2nd}
}

@Book{Kincaid:1996,
  Title                    = {Numerical Analysis: Mathematics of Scientific Computing},
  Author                   = {Kincaid, Ward Cheney},
  Publisher                = {Brooks/Cole Publishing Company},
  Year                     = {1996},
  Edition                  = {2nd}
}

@InCollection{Koulouris:1996,
  Title                    = {Empirical Learning Through Neural Networks: The Wave-Net Solution},
  Author                   = {Koulouris, A. and Bakshi, B. R. and Stephanopoulos, G.},
  Booktitle                = {Intelligent Systems in Process Engineering: Paradigms from
 Design and Operations},
  Publisher                = {Academic Press},
  Year                     = {1996},
  Chapter                  = {8},
  Editor                   = {Stephanopoulos, George and Han, Chonghun},
  Pages                    = {437-484},
  Series                   = {Advances in Chemical Engineering},
  Volume                   = {22}
}

@Book{Kreyszig:1993,
  Title                    = {Advanced Engineering Mathematics},
  Author                   = {Kreyszig, E.},
  Publisher                = {John Wiley and Sons},
  Year                     = {1993}
}

@Book{Ljung:1987,
  Title                    = {System Identification : Theory for the User},
  Author                   = {Ljung, L},
  Publisher                = {:Prentice-Hall},
  Year                     = {1987},
  Series                   = {Prentice-Hall Information and System Sciences Series}
}
@Book{Markel1994,
	author    = {Mike Markel},
	publisher = {IEEE Press},
	title     = {Writing in the technical fields: a step-by-step guide for engineers, scientists, and technicians},
	year      = {1994},
}
@Book{Mallat:1998,
  Title                    = {A Wavelet Tour of Signal Processing},
  Author                   = {Mallat, S. G.},
  Publisher                = {Academic Press},
  Year                     = {1998}
}

@Book{Marlin:1995,
  Title                    = {Process Control: Designing Processes and Control Systems for
 Dynamic Performance},
  Author                   = {Marlin, T. E.},
  Publisher                = {McGraw-Hill, Inc.},
  Year                     = {1995}
}

@Book{Massey:1979,
  Title                    = {Mechanics of Fluids},
  Author                   = {Massey, B. S.},
  Publisher                = {Van Nostrand Reinold},
  Year                     = {1979}
}

@Book{Middleton:1990,
  Title                    = {Digital Control and Estimation : A Unified Approach},
  Author                   = {Middleton, R. H. and Goodwin, G. C.},
  Publisher                = {Prentice-Hall},
  Year                     = {1990},
  Series                   = {Prentice Hall Information and System Sciences Series}
}

@Book{Miller:1989,
  Title                    = {Flow Measurement Engineering Handbook},
  Author                   = {Miller, R. W.},
  Publisher                = {McGraw-Hill},
  Year                     = {1989},
  Edition                  = {2nd}
}

@Book{Murdoch:1979,
  Title                    = {Control charts},
  Author                   = {Murdoch, J.},
  Publisher                = {The Macmillan press ltd},
  Year                     = {1979}
}

@Book{Newland:1993,
  Title                    = {An Introduction to Random Vibrations, Spectral and Wavelet Analysis},
  Author                   = {Newland, D. E.},
  Publisher                = {Longman Scientific and Technical},
  Year                     = {1993},
  Edition                  = {3rd}
}

@Book{Newman:1999,
  Title                    = {{M}onte {C}arlo Methods in Statistical Physics},
  Author                   = {Newman, M. E. J. and Barkema, G. T.},
  Publisher                = {Oxford University Press},
  Year                     = {1999},

  Address                  = {Oxford}
}

@Book{Ogata:1990,
  Title                    = {Modern Control Engineering},
  Author                   = {Ogata, K.},
  Publisher                = {Prentice Hall},
  Year                     = {1990}
}

@Book{Papoulis:1991,
  Title                    = {Probability,Random Variables, and Stochastic Processes},
  Author                   = {Papoulis, Athanasios},
  Publisher                = {McGraw-Hill},
  Year                     = {1991},
  Edition                  = {3rd},
  Series                   = {Electrical and Electronics Engineering Series}
}

@Book{Phillips:1995,
  Title                    = {Digital Control System Analysis and Design},
  Author                   = {Phillips, C. L. and Nagle, H. T.},
  Publisher                = {Prentice-Hall},
  Year                     = {1995}
}

@Book{Polke:1994,
  Title                    = {Process Control Engineering},
  Author                   = {Polke, M.},
  Editor                   = {Polke, M.},
  Publisher                = {VCH},
  Year                     = {1994}
}

@Book{Prett:1988,
  Title                    = {Fundamental Process Control},
  Author                   = {Prett, D. M. and Garcia, C. E.},
  Publisher                = {Butterworths Publishers},
  Year                     = {1988},
  Series                   = {Chemical Engineering}
}

@Book{Joshi:1999,
  Title                    = {Multisensor Fusion: A Minimal Representation Framework},
  Author                   = {Joshi Rajive and Sanderson Arthur C.},
  Editor                   = {Wang, Fei-Yue},
  Publisher                = {World Scientific},
  Year                     = {1999},
  Series                   = {Series in Intelligent Control and Intelligent Automation},
  Volume                   = {11}
}

@Book{Romberg:1996,
  Title                    = {Signal Processing for Industrial Diagnostics},
  Author                   = {Romberg, T. M. and Black, J. L. and Ledwidge, T. J.},
  Year                     = {1996},
  Series                   = {Wiley Series in Measurement Science and Technology}
}

@Book{Seborg:1989,
  Title                    = {Process Dynamics and Control},
  Author                   = {Seborg, D. E. and Edgar, T. F. and Mellicamp, D. A.},
  Publisher                = {John Wiley},
  Year                     = {1989}
}

@Book{Shinners:1978,
  Title                    = {Modern Control System Theory and Application},
  Author                   = {Shinners, S. M.},
  Publisher                = {Addison Wesley},
  Year                     = {1978}
}

@Book{Shinskey:1994,
  Title                    = {Feedback Controllers for the Process Industries},
  Author                   = {Shinskey, F. G.},
  Publisher                = {McGraw-Hill},
  Year                     = {1994},
  Series                   = {Chemical and Petroleum Engineering Series}
}

@Book{Shinskey:1988,
  Title                    = {Process Control Systems},
  Author                   = {Shinskey, F. G.},
  Publisher                = {McGraw-Hill},
  Year                     = {1988},
  Edition                  = {3rd},
  Series                   = {Chemical Engineering Series}
}

@Book{Skogestad:1996,
  Title                    = {Multivariable Feedback Control : Analysis and Design},
  Author                   = {Skogestad, S. and Postlethwaite, I.},
  Publisher                = {Wiley},
  Year                     = {1996}
}

@Book{Skousen:1997,
  Title                    = {Valve Handbook},
  Author                   = {Skousen, Philip L.},
  Publisher                = {McGraw-Hil},
  Year                     = {1997}
}

@Book{Soderstrom:1989,
  Title                    = {System Identification},
  Author                   = {Soderstrom, T. and Stoica, P.},
  Publisher                = {Prentice-Hall},
  Year                     = {1987},
  Series                   = {Prentice-Hall International Series in Systems and Control
 Engineering}
}

@PhdThesis{Soerterboek:1990,
  Title                    = {Predictive Control: A Unified Approach},
  Author                   = {Soerterboek, R.},
  School                   = {Delft Univesity of Technology},
  Year                     = {1990}
}

@Book{Tao:1996,
  Title                    = {Adaptive Control of Systems with Actuator and Sensor Nonlinearities},
  Author                   = {Tao, G. and Kokotovic, P. V.},
  Publisher                = {John Wiley and Sons},
  Year                     = {1996}
}

@Booklet{Valtek:1991,
  Title                    = {Starpac Intelligent System},
  Author                   = {Valtek},
  HowPublished             = {Valtek publicity literature},
  Year                     = {1991}
}

@Book{Webster:1999,
  Title                    = {The Measurement, Instrumentation, and Sensors Handbook},
  Author                   = {Webster, John G.},
  Publisher                = {:CRC Press published in cooperation with IEEE Press},
  Year                     = {1999},
  Series                   = {Electrical Engineering Handbook Series}
}

@Book{Young:1984,
  Title                    = {Recursive Estimation and Time-Series Analysis: An Introduction},
  Author                   = {Young, Peter C.},
  Editor                   = {Springer-Verlag},
  Year                     = {1984},
  Series                   = {Communicatons and Control Engineering Series}
}

